<collection xmlns="http://www.loc.gov/MARC21/slim">
<record>
  <leader>02519nam0a2200433 i 450 </leader>
  <controlfield tag="001">IT\ICCU\CNCE\002150</controlfield>
  <controlfield tag="005">20100105000000.0</controlfield>
  <datafield tag="012" ind1=" " ind2=" ">
    <subfield code="a">t.em r.u* uris sope (C) 1546 (R)</subfield>
    <subfield code="2">fei</subfield>
  </datafield>
  <datafield tag="100" ind1=" " ind2=" ">
    <subfield code="a">19970101d1546        0itac0103    ba</subfield>
  </datafield>
  <datafield tag="101" ind1=" " ind2=" ">
    <subfield code="a">LAT</subfield>
  </datafield>
  <datafield tag="102" ind1=" " ind2=" ">
    <subfield code="a">IT</subfield>
  </datafield>
  <datafield tag="200" ind1="1" ind2=" ">
    <subfield code="a">℗Aphthonii ℗Progymnasmata, idest Praeexercitationes rhetorum, et Luciani opusculum De componenda historia nuper a Ioanne Maria Catanaeo latinitate donata, et ad utilitatem legentium, iterum in lucem edita, summaque diligentia emendata</subfield>
  </datafield>
  <datafield tag="210" ind1=" " ind2=" ">
    <subfield code="a">Venetiis</subfield>
    <subfield code="c">\eredi di Lorenzo Lorio!</subfield>
    <subfield code="d">1546</subfield>
    <subfield code="e">Impressum Venetijs</subfield>
    <subfield code="g">per Ioannem Antonium</subfield>
    <subfield code="h">et Petrum fratres</subfield>
    <subfield code="h">de Nicolinis de Sabio</subfield>
    <subfield code="h">die xx Martij 1546</subfield>
  </datafield>
  <datafield tag="215" ind1=" " ind2=" ">
    <subfield code="a">\36! c.</subfield>
    <subfield code="d">8ʻ</subfield>
  </datafield>
  <datafield tag="620" ind1=" " ind2=" ">
    <subfield code="a">IT</subfield>
    <subfield code="d">Venezia</subfield>
  </datafield>
  <datafield tag="700" ind1=" " ind2="0">
    <subfield code="a">Aphthonius</subfield>
    <subfield code="3">IT\ICCU\CNCA\000796</subfield>
  </datafield>
  <datafield tag="702" ind1=" " ind2="0">
    <subfield code="a">Lucianus</subfield>
    <subfield code="3">IT\ICCU\CNCA\000211</subfield>
  </datafield>
  <datafield tag="702" ind1=" " ind2="1">
    <subfield code="a">Cattaneo,</subfield>
    <subfield code="b">Giovanni Maria</subfield>
    <subfield code="3">IT\ICCU\CNCA\000212</subfield>
  </datafield>
  <datafield tag="712" ind1="0" ind2="0">
    <subfield code="a">Nicolini da Sabbio, Giovanni Antonio &amp; Nicolini da Sabbio, Pietro</subfield>
    <subfield code="3">IT\ICCU\CNCT\000058</subfield>
    <subfield code="4">650</subfield>
  </datafield>
  <datafield tag="712" ind1="0" ind2="0">
    <subfield code="a">Lorio, Lorenzo - eredi</subfield>
    <subfield code="3">IT\ICCU\CNCT\003014</subfield>
    <subfield code="4">650</subfield>
  </datafield>
  <datafield tag="790" ind1=" " ind2="0">
    <subfield code="a">Aphthonius</subfield>
    <subfield code="c"> : Antiochenus</subfield>
    <subfield code="3">IT\ICCU\CNCA\026276</subfield>
    <subfield code="z">Aphthonius</subfield>
  </datafield>
  <datafield tag="790" ind1=" " ind2="0">
    <subfield code="a">Lucianus</subfield>
    <subfield code="c"> : Samosatensis</subfield>
    <subfield code="3">IT\ICCU\CNCA\008636</subfield>
    <subfield code="z">Lucianus</subfield>
  </datafield>
  <datafield tag="790" ind1=" " ind2="0">
    <subfield code="a">Luciano</subfield>
    <subfield code="3">IT\ICCU\CNCA\020665</subfield>
    <subfield code="z">Lucianus</subfield>
  </datafield>
  <datafield tag="790" ind1=" " ind2="0">
    <subfield code="a">Luciano</subfield>
    <subfield code="c"> : di#Samosata</subfield>
    <subfield code="3">IT\ICCU\CNCA\020666</subfield>
    <subfield code="z">Lucianus</subfield>
  </datafield>
  <datafield tag="790" ind1=" " ind2="1">
    <subfield code="a">Catanaeus,</subfield>
    <subfield code="b">Ioannes Maria</subfield>
    <subfield code="3">IT\ICCU\CNCA\013071</subfield>
    <subfield code="z">Cattaneo, Giovanni Maria</subfield>
  </datafield>
  <datafield tag="791" ind1="0" ind2="0">
    <subfield code="a">Sabio, Ioannes Antonius de &amp; Sabio, Petrus de</subfield>
    <subfield code="3">IT\ICCU\CNCT\002431</subfield>
    <subfield code="z">Nicolini da Sabbio, Giovanni Antonio &amp; Nicolini da Sabbio, Pietro</subfield>
  </datafield>
  <datafield tag="801" ind1=" " ind2="3">
    <subfield code="a">IT</subfield>
    <subfield code="b">ICCU</subfield>
    <subfield code="c">20201113</subfield>
  </datafield>
  <datafield tag="899" ind1=" " ind2=" ">
    <subfield code="a">Biblioteca universitaria. Bologna</subfield>
    <subfield code="1">BO0098</subfield>
    <subfield code="2">UBO BU</subfield>
  </datafield>
  <datafield tag="899" ind1=" " ind2=" ">
    <subfield code="a">Biblioteca statale. Lucca</subfield>
    <subfield code="1">LU0022</subfield>
    <subfield code="2">LUA BL</subfield>
  </datafield>
  <datafield tag="899" ind1=" " ind2=" ">
    <subfield code="a">Biblioteca nazionale Vittorio Emanuele III. Napoli</subfield>
    <subfield code="1">NA0079</subfield>
    <subfield code="2">NAP BN</subfield>
  </datafield>
  <datafield tag="899" ind1=" " ind2=" ">
    <subfield code="a">Biblioteca capitolare Fabroniana. Pistoia</subfield>
    <subfield code="1">PT0026</subfield>
    <subfield code="2">RT1 LB</subfield>
  </datafield>
  <datafield tag="899" ind1=" " ind2=" ">
    <subfield code="a">Biblioteca universitaria. Pavia</subfield>
    <subfield code="1">PV0291</subfield>
    <subfield code="2">MIL UP</subfield>
  </datafield>
  <datafield tag="899" ind1=" " ind2=" ">
    <subfield code="a">Biblioteca Casanatense. Roma</subfield>
    <subfield code="1">RM0313</subfield>
    <subfield code="2">RML 07</subfield>
  </datafield>
  <datafield tag="899" ind1=" " ind2=" ">
    <subfield code="a">Biblioteca civica Vincenzo Joppi. Udine</subfield>
    <subfield code="1">UD0106</subfield>
    <subfield code="2">FVG 12</subfield>
  </datafield>
  <datafield tag="899" ind1=" " ind2=" ">
    <subfield code="a">British Library. London</subfield>
    <subfield code="1">UK0001</subfield>
  </datafield>
  <datafield tag="899" ind1=" " ind2=" ">
    <subfield code="a">Biblioteca Fondazione Studium Generale Marcianum. Venezia</subfield>
    <subfield code="1">VE0311</subfield>
    <subfield code="2">PBE D7</subfield>
  </datafield>
  <datafield tag="899" ind1=" " ind2=" ">
    <subfield code="a">Biblioteca del Seminario vescovile. Verona</subfield>
    <subfield code="1">VR0061</subfield>
    <subfield code="2">PBE 83</subfield>
  </datafield>
  <datafield tag="911" ind1=" " ind2=" ">
    <subfield code="a">Sul front.</subfield>
    <subfield code="9">IT\ICCU\CNCM\002409</subfield>
  </datafield>
  <datafield tag="921" ind1=" " ind2=" ">
    <subfield code="a">IT\ICCU\CNCM\002409</subfield>
    <subfield code="b">S. Caterina d&apos;Alessandria tiene una palma nella mano sinistra e regge con la destra la ruota dentata.</subfield>
    <subfield code="c">U938</subfield>
    <subfield code="d">Dimensioni: 3 x 3,3</subfield>
    <subfield code="f">S.CATERINA</subfield>
    <subfield code="f">PALMA</subfield>
    <subfield code="f">RUOTA</subfield>
    <subfield code="g">1546</subfield>
  </datafield>
</record>
</collection>
